
@book{github_shadowplay,
  year = {2022},
  author = {E.~Lepikhin},
  publisher = {Github},
  title = {\href{https://github.com/mailru/shadowplay}{Static code analyzer for Puppet (Rust)}}
}

@book{rpm_tool,
  year = {2023},
  author = {E.~Lepikhin},
  publisher = {Github},
  title = {\href{https://github.com/johnlepikhin/rpm-tool}{Ultra-fast RPM repository indexer (Github)}}
}

@book{management_rituals,
  year = {2023},
  author = {E.~Lepikhin},
  publisher = {Personal blog},
  title = {\href{https://it.lepikhin.site/blog/%D0%BE%D0%B1-%D1%8D%D1%84%D1%84%D0%B5%D0%BA%D1%82%D0%B8%D0%B2%D0%BD%D0%BE%D0%BC-%D0%BC%D0%B5%D0%BD%D0%B5%D0%B4%D0%B6%D0%BC%D0%B5%D0%BD%D1%82%D0%B5/}{Thoughts about effective management (in Russian)}}
}

@book{selinux_tutorial,
  year = {2017},
  author = {E.~Lepikhin},
  publisher = {Personal blog},
  title = {\href{https://it.lepikhin.site/blog/how-to-%D0%BF%D0%BE-selinux-%D0%B1%D0%B0%D0%B7%D0%BE%D0%B2%D1%8B%D0%B5-%D0%BF%D1%80%D0%B8%D0%BD%D1%86%D0%B8%D0%BF%D1%8B/}{SELinux tutorial (in Russian)}}
}
