
@book{management_rituals,
  year = {2023},
  author = {Е.~Лепихин},
  title = {\href{https://it.lepikhin.site/blog/%D0%BE%D0%B1-%D1%8D%D1%84%D1%84%D0%B5%D0%BA%D1%82%D0%B8%D0%B2%D0%BD%D0%BE%D0%BC-%D0%BC%D0%B5%D0%BD%D0%B5%D0%B4%D0%B6%D0%BC%D0%B5%D0%BD%D1%82%D0%B5/}{Об эффективном менеджменте}}
}

@book{selinux_tutorial,
  year = {2017},
  author = {Е.~Лепихин},
  title = {\href{https://it.lepikhin.site/blog/how-to-%D0%BF%D0%BE-selinux-%D0%B1%D0%B0%D0%B7%D0%BE%D0%B2%D1%8B%D0%B5-%D0%BF%D1%80%D0%B8%D0%BD%D1%86%D0%B8%D0%BF%D1%8B/}{How-to по SELinux, базовые принципы}}
}

@book{coq_for_aclogolics,
  year = {2018},
  author = {Е.~Лепихин},
  title = {\href{https://it.lepikhin.site/blog/coq-%D0%B0%D0%B7%D1%8B-%D0%BA%D0%BB%D0%B0%D1%81%D1%81%D0%B8%D1%87%D0%B5%D1%81%D0%BA%D0%BE%D0%B9-%D0%BB%D0%BE%D0%B3%D0%B8%D0%BA%D0%B8-%D0%B4%D0%BB%D1%8F-%D0%B0%D0%BB%D0%BA%D0%BE%D0%B3%D0%BE%D0%BB%D0%B8%D0%BA%D0%BE%D0%B2/}{Coq: Азы классической логики для алкоголиков}}
}

@book{perl_dashes,
  year = {2017},
  author = {Е.~Лепихин},
  title = {\href{https://it.lepikhin.site/blog/perl-%D0%B1%D0%B8%D0%B1%D0%BB%D0%B8%D0%BE%D1%82%D0%B5%D0%BA%D0%B0-%D1%80%D0%B0%D1%81%D1%81%D1%82%D0%B0%D0%BD%D0%BE%D0%B2%D0%BA%D0%B8-%D0%BF%D0%B5%D1%80%D0%B5%D0%BD%D0%BE%D1%81%D0%BE%D0%B2/}{О расстановке переносов с помощью нейросети}}
}

@book{mysql_profiling,
  year = {2018},
  author = {Е.~Лепихин},
  title = {\href{https://it.lepikhin.site/blog/%D1%8D%D1%84%D1%84%D0%B5%D0%BA%D1%82%D0%B8%D0%B2%D0%BD%D1%8B%D0%B9-%D0%B0%D0%BD%D0%B0%D0%BB%D0%B8%D0%B7%D0%B0%D1%82%D0%BE%D1%80-%D0%BD%D0%B0%D0%B3%D1%80%D1%83%D0%B7%D0%BA%D0%B8-%D0%BD%D0%B0-mysql/}{Эффективный анализатор нагрузки на MySQL}}
}

@book{github_shadowplay,
  year = {2022},
  author = {Е.~Лепихин},
  title = {\href{https://github.com/mailru/shadowplay}{Статически анализатор Puppet (github)}}
}
